@article{Alwall:2014hca,
      author         = "Alwall, J. and Frederix, R. and Frixione, S. and Hirschi,
                        V. and Maltoni, F. and Mattelaer, O. and Shao, H. -S. and
                        Stelzer, T. and Torrielli, P. and Zaro, M.",
      title          = "{The automated computation of tree-level and
                        next-to-leading order differential cross sections, and
                        their matching to parton shower simulations}",
      journal        = "JHEP",
      volume         = "07",
      year           = "2014",
      pages          = "079",
      doi            = "10.1007/JHEP07(2014)079",
      eprint         = "1405.0301",
      archivePrefix  = "arXiv",
      primaryClass   = "hep-ph",
      reportNumber   = "CERN-PH-TH-2014-064, CP3-14-18, LPN14-066, MCNET-14-09,
                        ZU-TH-14-14",
      SLACcitation   = "%%CITATION = ARXIV:1405.0301;%%"
}
@article{Sjostrand:2007gs,
      author         = "Sjostrand, Torbjorn and Mrenna, Stephen and Skands, Peter
                        Z.",
      title          = "{A Brief Introduction to PYTHIA 8.1}",
      journal        = "Comput. Phys. Commun.",
      volume         = "178",
      year           = "2008",
      pages          = "852-867",
      doi            = "10.1016/j.cpc.2008.01.036",
      eprint         = "0710.3820",
      archivePrefix  = "arXiv",
      primaryClass   = "hep-ph",
      reportNumber   = "CERN-LCGAPP-2007-04, LU-TP-07-28,
                        FERMILAB-PUB-07-512-CD-T",
      SLACcitation   = "%%CITATION = ARXIV:0710.3820;%%"
}
@article{deFavereau:2013fsa,
      author         = "de Favereau, J. and Delaere, C. and Demin, P. and
                        Giammanco, A. and Lemaître, V. and Mertens, A. and
                        Selvaggi, M.",
      title          = "{DELPHES 3, A modular framework for fast simulation of a
                        generic collider experiment}",
      collaboration  = "DELPHES 3",
      journal        = "JHEP",
      volume         = "02",
      year           = "2014",
      pages          = "057",
      doi            = "10.1007/JHEP02(2014)057",
      eprint         = "1307.6346",
      archivePrefix  = "arXiv",
      primaryClass   = "hep-ex",
      SLACcitation   = "%%CITATION = ARXIV:1307.6346;%%"
}

@article{Helsens:2642473,
      author        = "{Clement, Helsens and David, Jamin and Michele, Selaggi}",
      title         = "{Search for high-mass resonances at FCC-hh}",
      month         = "Oct",
      year          = "2018",
      url           =  https://cds.cern.ch/record/2642473
      note          = "Placeholder draft",
}

@article{Selvaggi:2642471,
      author        = "Selvaggi, Michele",
      title         = "{Higgs measurements at FCC-hh}",
      month         = "Oct",
      year          = "2018",
      url           = "https://cds.cern.ch/record/2642471",
      note          = "Placeholder draft",
}

@article{Gouskos:2642475,
      author        = "Gouskos, Loukas and Sung, Allan and Incandela, Joseph",
      title         = "{Search for stop scalar quarks at FCC-hh}",
      month         = "Oct",
      year          = "2018",
      url           = "https://cds.cern.ch/record/2642475",
      note          = "placeholder draft",
}

@article{Terashi:2642474,
      author        = "Terashi, Koji and Sawada, Ryu and Saito, Masahiko and
                       Asai, Shoji",
      title         = "{Search for WIMPs with disappearing track signatures at
                       the FCC-hh}",
      month         = "Oct",
      year          = "2018",
      url           = "https://cds.cern.ch/record/2642474",
      note          = "placeholder draft",
}
@article{Baglio:2012np,
      author         = "Baglio, J. and Djouadi, A. and Gröber, R. and
                        Mühlleitner, M. M. and Quevillon, J. and Spira, M.",
      title          = "{The measurement of the Higgs self-coupling at the LHC:
                        theoretical status}",
      journal        = "JHEP",
      volume         = "04",
      year           = "2013",
      pages          = "151",
      doi            = "10.1007/JHEP04(2013)151",
      eprint         = "1212.5581",
      archivePrefix  = "arXiv",
      primaryClass   = "hep-ph",
      reportNumber   = "KA-TP-44-2012, SFB-CPP-12-102, LPT-ORSAY-12-124,
                        PSI-PR-12-10",
      SLACcitation   = "%%CITATION = ARXIV:1212.5581;%%"
}
@article{Contino:2016spe,
      author         = "Contino, R. and others",
      title          = "{Physics at a 100 TeV pp collider: Higgs and EW symmetry
                        breaking studies}",
      journal        = "CERN Yellow Report",
      year           = "2017",
      number         = "3",
      pages          = "255-440",
      doi            = "10.23731/CYRM-2017-003.255",
      eprint         = "1606.09408",
      archivePrefix  = "arXiv",
      primaryClass   = "hep-ph",
      reportNumber   = "CERN-TH-2016-113",
      SLACcitation   = "%%CITATION = ARXIV:1606.09408;%%"
}


@inproceedings{London:1986jz,
      author         = "London, David and Rosner, Jonathan L.",
      title          = "{Extra Gauge Bosons in E(6)}",
      booktitle      = "{Proceedings, 23RD International Conference on High
                        Energy Physics, JULY 16-23, 1986, Berkeley, CA}",
      year           = "1986",
      SLACcitation   = "%%CITATION = INSPIRE-241941;%%"
}

@article{Joglekar:2016yap,
      author         = "Joglekar, Aniket and Rosner, Jonathan L.",
      title          = "{Searching for signatures of $E_{\rm 6}$}",
      journal        = "Phys. Rev.",
      volume         = "D96",
      year           = "2017",
      number         = "1",
      pages          = "015026",
      doi            = "10.1103/PhysRevD.96.015026",
      eprint         = "1607.06900",
      archivePrefix  = "arXiv",
      primaryClass   = "hep-ph",
      reportNumber   = "EFI-16-10",
      SLACcitation   = "%%CITATION = ARXIV:1607.06900;%%"
}

@article{Langacker:2008yv,
      author         = "Langacker, Paul",
      title          = "{The Physics of Heavy $Z^\prime$ Gauge Bosons}",
      journal        = "Rev. Mod. Phys.",
      volume         = "81",
      year           = "2009",
      pages          = "1199-1228",
      doi            = "10.1103/RevModPhys.81.1199",
      eprint         = "0801.1345",
      archivePrefix  = "arXiv",
      primaryClass   = "hep-ph",
      SLACcitation   = "%%CITATION = ARXIV:0801.1345;%%"
}

@article{Salvioni:2009mt,
      author         = "Salvioni, Ennio and Villadoro, Giovanni and Zwirner,
                        Fabio",
      title          = "{Minimal Z-prime models: Present bounds and early LHC
                        reach}",
      journal        = "JHEP",
      volume         = "11",
      year           = "2009",
      pages          = "068",
      doi            = "10.1088/1126-6708/2009/11/068",
      eprint         = "0909.1320",
      archivePrefix  = "arXiv",
      primaryClass   = "hep-ph",
      reportNumber   = "CERN-PH-TH-2009-160, DFPD-09-TH-17",
      SLACcitation   = "%%CITATION = ARXIV:0909.1320;%%"
}
@article{Miyazawa:1966mfa,
      author         = "Miyazawa, H.",
      title          = "{Baryon Number Changing Currents}",
      journal        = "Prog. Theor. Phys.",
      volume         = "36",
      year           = "1966",
      number         = "6",
      pages          = "1266-1276",
      doi            = "10.1143/PTP.36.1266",
      SLACcitation   = "%%CITATION = PTPKA,36,1266;%%"
}

@article{Golfand:1971iw,
      author         = "Golfand, {\relax Yu}. A. and Likhtman, E. P.",
      title          = "{Extension of the Algebra of Poincare Group Generators
                        and Violation of p Invariance}",
      journal        = "JETP Lett.",
      volume         = "13",
      year           = "1971",
      pages          = "323-326",
      note           = "[Pisma Zh. Eksp. Teor. Fiz.13,452(1971)]",
      SLACcitation   = "%%CITATION = JTPLA,13,323;%%"
}

@article{Neveu:1971rx,
      author         = "Neveu, A. and Schwarz, J. H.",
      title          = "{Factorizable dual model of pions}",
      journal        = "Nucl. Phys.",
      volume         = "B31",
      year           = "1971",
      pages          = "86-112",
      doi            = "10.1016/0550-3213(71)90448-2",
      SLACcitation   = "%%CITATION = NUPHA,B31,86;%%"
}

@article{Neveu:1971iv,
      author         = "Neveu, A. and Schwarz, J. H.",
      title          = "{Quark Model of Dual Pions}",
      journal        = "Phys. Rev.",
      volume         = "D4",
      year           = "1971",
      pages          = "1109-1111",
      doi            = "10.1103/PhysRevD.4.1109",
      SLACcitation   = "%%CITATION = PHRVA,D4,1109;%%"
}

@article{Ramond:1971gb,
      author         = "Ramond, Pierre",
      title          = "{Dual Theory for Free Fermions}",
      journal        = "Phys. Rev.",
      volume         = "D3",
      year           = "1971",
      pages          = "2415-2418",
      doi            = "10.1103/PhysRevD.3.2415",
      reportNumber   = "FERMILAB-PUB-70-008-T, FERMILAB-PUB-70-008-THY,
                        NAL-THY-8",
      SLACcitation   = "%%CITATION = PHRVA,D3,2415;%%"
}

@article{Volkov:1973ix,
      author         = "Volkov, D. V. and Akulov, V. P.",
      title          = "{Is the Neutrino a Goldstone Particle?}",
      journal        = "Phys. Lett.",
      volume         = "46B",
      year           = "1973",
      pages          = "109-110",
      doi            = "10.1016/0370-2693(73)90490-5",
      SLACcitation   = "%%CITATION = PHLTA,46B,109;%%"
}
@article{Wess:1973kz,
      author         = "Wess, J. and Zumino, B.",
      title          = "{A Lagrangian Model Invariant Under Supergauge
                        Transformations}",
      journal        = "Phys. Lett.",
      volume         = "49B",
      year           = "1974",
      pages          = "52",
      doi            = "10.1016/0370-2693(74)90578-4",
      reportNumber   = "CERN-TH-1794",
      SLACcitation   = "%%CITATION = PHLTA,49B,52;%%"
}

@article{Wess:1974tw,
      author         = "Wess, J. and Zumino, B.",
      title          = "{Supergauge Transformations in Four-Dimensions}",
      journal        = "Nucl. Phys.",
      volume         = "B70",
      year           = "1974",
      pages          = "39-50",
      doi            = "10.1016/0550-3213(74)90355-1",
      note           = "[,24(1974)]",
      SLACcitation   = "%%CITATION = NUPHA,B70,39;%%"
}

@article{Dimopoulos:1981zb,
      author         = "Dimopoulos, Savas and Georgi, Howard",
      title          = "{Softly Broken Supersymmetry and SU(5)}",
      journal        = "Nucl. Phys.",
      volume         = "B193",
      year           = "1981",
      pages          = "150-162",
      doi            = "10.1016/0550-3213(81)90522-8",
      reportNumber   = "HUTP-81/A022",
      SLACcitation   = "%%CITATION = NUPHA,B193,150;%%"
}
@article{Fayet:1976et,
      author         = "Fayet, Pierre",
      title          = "{Supersymmetry and Weak, Electromagnetic and Strong
                        Interactions}",
      journal        = "Phys. Lett.",
      volume         = "64B",
      year           = "1976",
      pages          = "159",
      doi            = "10.1016/0370-2693(76)90319-1",
      reportNumber   = "PTENS 76/14",
      SLACcitation   = "%%CITATION = PHLTA,64B,159;%%"
}
@article{Fayet:1977yc,
      author         = "Fayet, Pierre",
      title          = "{Spontaneously Broken Supersymmetric Theories of Weak,
                        Electromagnetic and Strong Interactions}",
      journal        = "Phys. Lett.",
      volume         = "69B",
      year           = "1977",
      pages          = "489",
      doi            = "10.1016/0370-2693(77)90852-8",
      reportNumber   = "LPTENS 77/11",
      SLACcitation   = "%%CITATION = PHLTA,69B,489;%%"
}
@article{Farrar:1978xj,
      author         = "Farrar, Glennys R. and Fayet, Pierre",
      title          = "{Phenomenology of the Production, Decay, and Detection of
                        New Hadronic States Associated with Supersymmetry}",
      journal        = "Phys. Lett.",
      volume         = "76B",
      year           = "1978",
      pages          = "575-579",
      doi            = "10.1016/0370-2693(78)90858-4",
      reportNumber   = "CALT-68-648",
      SLACcitation   = "%%CITATION = PHLTA,76B,575;%%"
}
@article{Fayet:1979sa,
      author         = "Fayet, Pierre",
      title          = "{Relations Between the Masses of the Superpartners of
                        Leptons and Quarks, the Goldstino Couplings and the
                        Neutral Currents}",
      journal        = "Phys. Lett.",
      volume         = "84B",
      year           = "1979",
      pages          = "416",
      doi            = "10.1016/0370-2693(79)91229-2",
      reportNumber   = "CALT-68-692",
      SLACcitation   = "%%CITATION = PHLTA,84B,416;%%"
}
@article{Ibe:2012sx,
      author         = "Ibe, Masahiro and Matsumoto, Shigeki and Sato, Ryosuke",
      title          = "{Mass Splitting between Charged and Neutral Winos at
                        Two-Loop Level}",
      journal        = "Phys. Lett.",
      volume         = "B721",
      year           = "2013",
      pages          = "252-260",
      doi            = "10.1016/j.physletb.2013.03.015",
      eprint         = "1212.5989",
      archivePrefix  = "arXiv",
      primaryClass   = "hep-ph",
      reportNumber   = "ICRR-REPORT-641-2012-30, IPMU-12-0231, UT-12-44",
      SLACcitation   = "%%CITATION = ARXIV:1212.5989;%%"
}
@article{Thomas:1998wy,
      author         = "Thomas, Scott D. and Wells, James D.",
      title          = "{Phenomenology of Massive Vectorlike Doublet Leptons}",
      journal        = "Phys. Rev. Lett.",
      volume         = "81",
      year           = "1998",
      pages          = "34-37",
      doi            = "10.1103/PhysRevLett.81.34",
      eprint         = "hep-ph/9804359",
      archivePrefix  = "arXiv",
      primaryClass   = "hep-ph",
      reportNumber   = "SLAC-PUB-7799, SU-ITP-98-22",
      SLACcitation   = "%%CITATION = HEP-PH/9804359;%%"
}
@article{Barr:2002ex,
      author         = "Barr, A. J. and Lester, C. G. and Parker, Michael Andrew
                        and Allanach, B. C. and Richardson, P.",
      title          = "{Discovering anomaly mediated supersymmetry at the LHC}",
      journal        = "JHEP",
      volume         = "03",
      year           = "2003",
      pages          = "045",
      doi            = "10.1088/1126-6708/2003/03/045",
      eprint         = "hep-ph/0208214",
      archivePrefix  = "arXiv",
      primaryClass   = "hep-ph",
      reportNumber   = "ATLAS-COM-PHYS-2002-034, CAVENDISH-HEP-2002-02-11,
                        CERN-TH-2002-190, DAMTP-2002-104",
      SLACcitation   = "%%CITATION = HEP-PH/0208214;%%"
}
